<record xmlns="http://www.loc.gov/MARC21/slim" xmlns:xsi="http://www.w3.org/2001/XMLSchema-instance" xsi:schemaLocation="http://www.loc.gov/MARC21/slim http://www.loc.gov/standards/marcxml/schema/MARC21slim.xsd"><leader>02813nam a2200469   4500</leader><controlfield tag="001">35124</controlfield><controlfield tag="003">NNC</controlfield><controlfield tag="006">m        d        </controlfield><controlfield tag="007">cr cn |||m|||a</controlfield><controlfield tag="008">150110s1937    ua      ob    001 0baraod</controlfield><datafield ind1=" " ind2=" " tag="040"><subfield code="a">NNU</subfield><subfield code="b">eng</subfield><subfield code="e">rda</subfield><subfield code="c">NNU</subfield></datafield><datafield ind1=" " ind2="4" tag="050"><subfield code="a">PJ7701.A57</subfield><subfield code="b">Z92 1937</subfield></datafield><datafield ind1="1" ind2=" " tag="100"><subfield code="6">880-01</subfield><subfield code="a">S&#803;u&#772;li&#772;, Muh&#803;ammad ibn Yah&#803;ya&#769;,</subfield><subfield code="d">-approximately 947.</subfield></datafield><datafield ind1="1" ind2="0" tag="245"><subfield code="6">880-02</subfield><subfield code="a">Akhba&#772;r Abi&#772; Tamma&#772;m /</subfield><subfield code="c">ta&#700;li&#772;f Abi&#772; Bakr Muh&#803;ammad ibn Yah&#803;ya&#769; al-S&#803;u&#772;li&#772; ; nasharah wa-h&#803;aqqaqah wa-&#699;allaqa &#699;alayh Khali&#772;l Mah&#803;mu&#772;d &#699;Asa&#772;kir, Muh&#803;ammad &#699;Abduh Ghara&#772;m, Naz&#803;i&#772;r al-Isla&#772;m al-Hindi&#772;.</subfield></datafield><datafield ind1=" " ind2=" " tag="250"><subfield code="6">880-03</subfield><subfield code="a">al-T&#803;ab&#699;ah 1.</subfield></datafield><datafield ind1=" " ind2=" " tag="260"><subfield code="6">880-04</subfield><subfield code="a">al-Qa&#772;hirah :</subfield><subfield code="b">Mat&#803;ba&#699;at Lajnat al-Ta&#700;li&#772;f wa-al-Tarjamah wa-al-Nashr,</subfield><subfield code="c">1937.</subfield></datafield><datafield ind1=" " ind2=" " tag="300"><subfield code="a">online resource (340 pages)</subfield></datafield><datafield ind1=" " ind2=" " tag="336"><subfield code="a">text</subfield><subfield code="2">rdacontent</subfield></datafield><datafield ind1=" " ind2=" " tag="337"><subfield code="a">computer</subfield><subfield code="2">rdamedia</subfield></datafield><datafield ind1=" " ind2=" " tag="338"><subfield code="a">online resource</subfield><subfield code="2">rdacarrier</subfield></datafield><datafield ind1=" " ind2=" " tag="500"><subfield code="a">Part of the Arabic Collections Online (ACO) project, contributed by Columbia University Libraries.</subfield></datafield><datafield ind1=" " ind2=" " tag="504"><subfield code="a">Includes bibliographical references (pages 335-340) and index.</subfield></datafield><datafield ind1=" " ind2=" " tag="533"><subfield code="a">Electronic reproduction.</subfield><subfield code="b">New York, N.Y. :</subfield><subfield code="c">New York University,</subfield><subfield code="d">2015.</subfield><subfield code="5">NNU</subfield></datafield><datafield ind1="0" ind2="0" tag="600"><subfield code="6">880-05</subfield><subfield code="a">Abu&#772; Tamma&#772;m H&#803;abi&#772;b ibn Aws al-T&#803;a&#772;&#700;i&#772;,</subfield><subfield code="d">active 808-842.</subfield></datafield><datafield ind1="0" ind2="7" tag="600"><subfield code="a">Abu&#772; Tamma&#772;m H&#803;abi&#772;b ibn Aws al-T&#803;a&#772;&#700;i&#772;,</subfield><subfield code="d">active 808-842.</subfield><subfield code="2">fast</subfield><subfield code="0">(OCoLC)fst01803260</subfield></datafield><datafield ind1="1" ind2=" " tag="700"><subfield code="6">880-06</subfield><subfield code="a">&#699;Asa&#772;kir, Khali&#772;l Mah&#803;mu&#772;d.</subfield></datafield><datafield ind1="1" ind2=" " tag="700"><subfield code="6">880-07</subfield><subfield code="a">&#699;Azza&#772;m, Muh&#803;ammad &#699;Abduh.</subfield></datafield><datafield ind1="1" ind2=" " tag="700"><subfield code="6">880-08</subfield><subfield code="a">Hindi&#772;, Naz&#803;i&#772;r al-Isla&#772;m.</subfield></datafield><datafield ind1="2" ind2=" " tag="710"><subfield code="a">Columbia University.</subfield><subfield code="b">Libraries.</subfield></datafield><datafield ind1="0" ind2=" " tag="730"><subfield code="a">Arabic Collections Online.</subfield></datafield><datafield ind1="0" ind2="8" tag="776"><subfield code="i">Print version:</subfield><subfield code="a">S&#803;u&#772;li&#772;, Muh&#803;ammad ibn Yah&#803;ya&#769;, -approximately 947.</subfield><subfield code="t">Akhba&#772;r Abi&#772; Tamma&#772;m</subfield><subfield code="w">(NNC)35124</subfield><subfield code="w">(OCoLC)7669223</subfield></datafield><datafield ind1="4" ind2="0" tag="856"><subfield code="u">http://hdl.handle.net/2333.1/ttdz0bg1</subfield></datafield><datafield ind1="1" ind2=" " tag="880"><subfield code="6">100-01/r</subfield><subfield code="a">&#1589;&#1608;&#1604;&#1610;&#1548; &#1605;&#1581;&#1605;&#1583; &#1576;&#1606; &#1610;&#1581;&#1610;&#1609;,</subfield><subfield code="d">-approximately 947.</subfield></datafield><datafield ind1="1" ind2="0" tag="880"><subfield code="6">245-02/r</subfield><subfield code="a">&#1571;&#1582;&#1576;&#1575;&#1585; &#1571;&#1576;&#1610; &#1578;&#1605;&#1575;&#1605; /</subfield><subfield code="c">&#1578;&#1571;&#1604;&#1610;&#1601; &#1571;&#1576;&#1610; &#1576;&#1603;&#1585; &#1605;&#1581;&#1605;&#1583; &#1576;&#1606; &#1610;&#1581;&#1610;&#1609; &#1575;&#1604;&#1589;&#1608;&#1604;&#1610;. &#1608;&#1576;&#1571;&#1608;&#1604;&#1607; &#1585;&#1587;&#1575;&#1604;&#1577; &#1575;&#1604;&#1589;&#1608;&#1604;&#1610; &#1573;&#1604;&#1609; &#1605;&#1586;&#1575;&#1581;&#1605; &#1576;&#1606; &#1601;&#1575;&#1578;&#1603; &#1601;&#1610; &#1578;&#1571;&#1604;&#1610;&#1601; &#1571;&#1582;&#1576;&#1575;&#1585; &#1571;&#1576;&#1610; &#1578;&#1605;&#1575;&#1605; &#1608;&#1588;&#1593;&#1585;&#1607; / &#1606;&#1588;&#1585;&#1607; &#1608;&#1581;&#1602;&#1602;&#1607; &#1608;&#1593;&#1604;&#1602; &#1593;&#1604;&#1610;&#1607; &#1582;&#1604;&#1610;&#1604; &#1605;&#1581;&#1605;&#1608;&#1583; &#1593;&#1587;&#1575;&#1603;&#1585;&#1548; &#1605;&#1581;&#1605;&#1583; &#1593;&#1576;&#1583;&#1607; &#1593;&#1586;&#1575;&#1605;&#1548; &#1606;&#1592;&#1610;&#1585; &#1575;&#1604;&#1573;&#1587;&#1604;&#1575;&#1605; &#1575;&#1604;&#1607;&#1606;&#1583;&#1610;.</subfield></datafield><datafield ind1=" " ind2=" " tag="880"><subfield code="6">250-03/r</subfield><subfield code="a">&#1575;&#1604;&#1591;&#1576;&#1593;&#1577; 1.</subfield></datafield><datafield ind1=" " ind2=" " tag="880"><subfield code="6">260-04/r</subfield><subfield code="a">&#1575;&#1604;&#1602;&#1575;&#1607;&#1585;&#1577; :</subfield><subfield code="b">&#1605;&#1591;&#1576;&#1593;&#1577; &#1604;&#1580;&#1606;&#1577; &#1575;&#1604;&#1578;&#1571;&#1604;&#1610;&#1601; &#1608;&#1575;&#1604;&#1578;&#1585;&#1580;&#1605;&#1577; &#1608;&#1575;&#1604;&#1606;&#1588;&#1585;&#1548;</subfield><subfield code="c">1937.</subfield></datafield><datafield ind1="0" ind2="4" tag="880"><subfield code="6">600-05/r</subfield><subfield code="a">&#1571;&#1576;&#1608; &#1578;&#1605;&#1575;&#1605; &#1581;&#1576;&#1610;&#1576; &#1576;&#1606; &#1571;&#1608;&#1587; &#1575;&#1604;&#1591;&#1575;&#1574;&#1610;&#1548;,</subfield><subfield code="d">842-808 .fl.</subfield></datafield><datafield ind1="1" ind2=" " tag="880"><subfield code="6">700-06/r</subfield><subfield code="a">&#1593;&#1587;&#1575;&#1603;&#1585;&#1548; &#1582;&#1604;&#1610;&#1604; &#1605;&#1581;&#1605;&#1583;.</subfield></datafield><datafield ind1="1" ind2=" " tag="880"><subfield code="6">700-07/r</subfield><subfield code="a">&#1593;&#1586;&#1575;&#1605;&#1548; &#1605;&#1581;&#1605;&#1583; &#1593;&#1576;&#1583;&#1607;.</subfield></datafield><datafield ind1="1" ind2=" " tag="880"><subfield code="6">700-08/r</subfield><subfield code="a">&#1607;&#1606;&#1583;&#1610;&#1548; &#1606;&#1592;&#1610;&#1585; &#1575;&#1604;&#1575;&#1587;&#1604;&#1575;&#1605;.</subfield></datafield><datafield ind1=" " ind2=" " tag="959"><subfield code="a">NNU</subfield><subfield code="b">WEB</subfield><subfield code="c">GENI</subfield><subfield code="t">0</subfield><subfield code="m">Electronic access</subfield><subfield code="s">01</subfield></datafield><datafield ind1=" " ind2=" " tag="999"><subfield code="i">NNC_35124</subfield><subfield code="o">(OCoLC)07669223</subfield></datafield></record>